<record><leader>00000cas a2200000 a 4500</leader><controlfield tag="001">10336014</controlfield><controlfield tag="008">840125d18681875couwr ne      0    0eng c</controlfield><datafield ind1=" " ind2=" " tag="010"><subfield code="a">sn 84022268 </subfield></datafield><datafield ind1=" " ind2=" " tag="040"><subfield code="a">NPX</subfield><subfield code="b">eng</subfield><subfield code="c">NPX</subfield><subfield code="d">NPU</subfield><subfield code="d">DLC</subfield><subfield code="d">OCL</subfield><subfield code="d">NPT</subfield><subfield code="d">UNP</subfield><subfield code="d">DLC</subfield><subfield code="d">YOX</subfield><subfield code="d">DLC</subfield><subfield code="d">CNQ</subfield><subfield code="d">DLC</subfield><subfield code="d">CNQ</subfield><subfield code="d">CNK</subfield><subfield code="d">CVF</subfield><subfield code="d">DLC</subfield><subfield code="d">OCLCQ</subfield><subfield code="d">KRTAS</subfield><subfield code="d">DLC</subfield><subfield code="d">OCLCQ</subfield><subfield code="d">OCLCF</subfield></datafield><datafield ind1=" " ind2=" " tag="019"><subfield code="a">9157943</subfield></datafield><datafield ind1=" " ind2=" " tag="042"><subfield code="a">pcc</subfield></datafield><datafield ind1=" " ind2=" " tag="043"><subfield code="a">n-us-co</subfield></datafield><datafield ind1="0" ind2="0" tag="050"><subfield code="a">Newspaper</subfield></datafield><datafield ind1="0" ind2=" " tag="130"><subfield code="a">Colorado chieftain (Pueblo, Colo. : 1868)</subfield></datafield><datafield ind1="1" ind2="4" tag="245"><subfield code="a">The Colorado chieftain.</subfield></datafield><datafield ind1="3" ind2="0" tag="246"><subfield code="a">Chieftain</subfield></datafield><datafield ind1="1" ind2="3" tag="246"><subfield code="a">Colorado weekly chieftain</subfield></datafield><datafield ind1=" " ind2=" " tag="260"><subfield code="a">Pueblo, Colo. :</subfield><subfield code="b">M. Beshoar &amp; Sam McBride,</subfield><subfield code="c">1868-1875.</subfield></datafield><datafield ind1=" " ind2=" " tag="300"><subfield code="a">v.</subfield></datafield><datafield ind1=" " ind2=" " tag="310"><subfield code="a">Weekly</subfield></datafield><datafield ind1="0" ind2=" " tag="362"><subfield code="a">Vol. 1, no. 1 (June 1, 1868)-v. 8, no. 354 (Mar. 4, 1875).</subfield></datafield><datafield ind1=" " ind2=" " tag="530"><subfield code="a">Available on microfilm from the Colorado Historical Society.</subfield></datafield><datafield ind1=" " ind2=" " tag="580"><subfield code="a">Daily eds: The daily chieftain, 1872-1874, and: Pueblo daily chieftain (Pueblo, Colo. : 1874), 1874-1875, and: The daily Pueblo chieftain, 1875-1875, and: Colorado daily chieftain, 1875-1875.</subfield></datafield><datafield ind1=" " ind2="0" tag="651"><subfield code="a">Pueblo (Colo.)</subfield><subfield code="v">Newspapers.</subfield></datafield><datafield ind1=" " ind2="0" tag="651"><subfield code="a">Pueblo County (Colo.)</subfield><subfield code="v">Newspapers.</subfield></datafield><datafield ind1=" " ind2="7" tag="655"><subfield code="a">Newspapers.</subfield><subfield code="2">fast</subfield><subfield code="0">(OCoLC)fst01423814</subfield></datafield><datafield ind1=" " ind2="7" tag="651"><subfield code="a">Colorado</subfield><subfield code="z">Pueblo.</subfield><subfield code="2">fast</subfield><subfield code="0">(OCoLC)fst01206395</subfield></datafield><datafield ind1=" " ind2="7" tag="651"><subfield code="a">Colorado</subfield><subfield code="z">Pueblo County.</subfield><subfield code="2">fast</subfield><subfield code="0">(OCoLC)fst01209336</subfield></datafield><datafield ind1=" " ind2=" " tag="752"><subfield code="a">United States</subfield><subfield code="b">Colorado</subfield><subfield code="c">Pueblo</subfield><subfield code="d">Pueblo.</subfield></datafield><datafield ind1="1" ind2=" " tag="775"><subfield code="t">Pueblo daily chieftain (Pueblo, Colo. : 1874)</subfield><subfield code="w">(DLC)sn 90051121</subfield><subfield code="w">(OCoLC)21187468</subfield></datafield><datafield ind1="1" ind2=" " tag="775"><subfield code="t">Daily chieftain</subfield><subfield code="w">(DLC)sn 82014987</subfield><subfield code="w">(OCoLC)8813867</subfield></datafield><datafield ind1="1" ind2=" " tag="775"><subfield code="t">Daily Pueblo chieftain</subfield><subfield code="w">(DLC)sn 90051122</subfield><subfield code="w">(OCoLC)21187519</subfield></datafield><datafield ind1="1" ind2=" " tag="775"><subfield code="t">Colorado daily chieftain</subfield><subfield code="w">(DLC)sn 84022269</subfield><subfield code="w">(OCoLC)10336084</subfield></datafield><datafield ind1="0" ind2="5" tag="780"><subfield code="t">People (Pueblo, Colo.)</subfield><subfield code="g">1875</subfield><subfield code="w">(DLC)sn 86091276</subfield><subfield code="w">(OCoLC)13513061</subfield></datafield><datafield ind1="0" ind2="0" tag="785"><subfield code="t">Colorado weekly chieftain</subfield><subfield code="w">(DLC)sn 91052260</subfield><subfield code="w">(OCoLC)23184601</subfield></datafield><datafield ind1=" " ind2=" " tag="938"><subfield code="a">Kirtas Technologies, Inc.</subfield><subfield code="b">KRTS</subfield><subfield code="n">738083</subfield></datafield></record>